%https://hal.archives-ouvertes.fr/hal-01398660/file/ICDSST-2016-largouet.pdf
%\textbf{ Ref très importante : 1) Use Of Timed Automata And Model-Checking To Explore Scenarios On Ecosystem Models} 2) Context-aware approach for formal verification : https://eudl.eu/pdf/10.4108/eai.12-2-2016.151085,  This is known by the state explosion problem [1].To overcome this problem, many works proposed to improve the performance of model-checkers by considering compositional verification [2, 3, 4, 5]. 

@book{clarke1999model,
	title={Model checking},
	author={Clarke, Edmund M and Grumberg, Orna and Peled, Doron},
	year={1999},
	publisher={MIT press}
}

@book{MC_BaierKatoen,
	author = {Baier, Christel and Katoen, Joost-Pieter},
	title = {Principles of Model Checking (Representation and Mind Series)},
	year = {2008},
	publisher = {The MIT Press}
}
%LIDAR DATA
@article{lorenz1994phanologische,
	title={Ph{\"a}nologische Entwicklungsstadien der Weinrebe (Vitis vinifera L. ssp. vinifera). Codierung und Beschreibung nach der erweiterten BBCH-Skala},
	author={Lorenz, DH and Eichhorn, KW and Bleiholder, H and Klose, R and Meier, U and Weber, E},
	journal={Wein-Wissenschaft},
	volume={49},
	number={2},
	pages={66--70},
	year={1994}
}

%Remaining
@inproceedings{behrmann2001guiding,
	title={Guiding and cost-optimality in UPPAAL},
	author={Behrmann, Gerd and Fehnker, Ansgar and Hune, Thomas and Larsen, Kim G and Petterson, Paul and Romijn, Judi},
	booktitle={AAAI-Spring Symposium on Model-based Validation of Intelligence},
	pages={66--74},
	year={2001}
}

%MC tools
@article {mazzanti2018ten,
	title = {Ten Diverse Formal Models for a CBTC Automatic Train Supervision System},
	author = {Mazzanti, F. and Ferrari, A.},
	journal = {arXiv preprint arXiv: 1803.10324},
	year = { 2018}
} 

@inproceedings{naud2014comparative,
	title={Comparative assessment of agro-environmental performance of vineyard sprayers using a physical full scale model of a vineyard row},
	author={Naud, O and Verges, A and Hebrard, O and Codis, S and Douzals, JP and Ruelle, B},
	year={2014}
}

@article{clabaut2016industrial,
	title={Industrial grade model checking: use Cases, constraints, tools and applications},
	author={Clabaut, Mathieu and Ge, Ning and Breton, Nicolas and Jenn, Eric and Delmas, R{\'e}mi and Fonteneau, Yoann},
	year={2016}
}

@inproceedings{pnueli1977temporal,
	title={The temporal logic of programs},
	author={Pnueli, Amir},
	booktitle={Foundations of Computer Science, 1977., 18th Annual Symposium on},
	pages={46--57},
	year={1977},
	organization={IEEE}
}

@inproceedings{cimatti2000industrial,
	title={Industrial applications of model checking},
	author={Cimatti, Alessandro},
	booktitle={Summer School on Modeling and Verification of Parallel Processes},
	pages={153--168},
	year={2000},
	organization={Springer}
}

@book{grumberg200825,
	title={25 years of model checking: history, achievements, perspectives},
	author={Grumberg, Orna and Veith, Helmut},
	volume={5000},
	year={2008},
	publisher={Springer}
}


@article{duflot2012practical,
	title={Practical applications of probabilistic model checking to communication protocols},
	author={Duflot, Marie and Kwiatkowska, Marta and Norman, Gethin and Parker, David and Peyronnet, Sylvain and Picaronny, Claudine and Sproston, Jeremy},
	year={2012},
	publisher={Wiley}
}
% Cost Time Petri Nets
@InProceedings{BouchenebOptimal2017,
	author={Boucheneb, Hanifa and Lime, Didier and Parquier, Baptiste and Roux, Olivier H. and Seidner, Charlotte},
	editor={Abate, Alessandro and Geeraerts, Gilles},
	title={Optimal Reachability in Cost Time Petri Nets},
	booktitle={Formal Modeling and Analysis of Timed Systems},
	year={2017},
	publisher={Springer International Publishing},
	address={Cham},
	pages={58--73},
	isbn={978-3-319-65765-3}
}

%Weighted timed automata + GMAES
@article{bouyer2006weighted,
	title={Weighted timed automata: Model-checking and games},
	author={Bouyer, Patricia},
	journal={Electronic Notes in Theoretical Computer Science},
	volume={158},
	pages={3--17},
	year={2006},
	publisher={Elsevier}
}

@INPROCEEDINGS{IndustrieMC,
	author={Xin, Xin and Keoh, Sye Loong and Sevegnani, Michele and Saerbeck, Martin},
	booktitle={2020 IEEE International Conference on Smart Internet of Things (SmartIoT)}, 
	title={Dynamic Probabilistic Model Checking for Sensor Validation in Industry 4.0 Applications}, 
	year={2020},
	volume={},
	number={},
	pages={43-50},
	doi={10.1109/SmartIoT49966.2020.00016}}

%industrial MC
@INPROCEEDINGS{Transformation2020,
	author={Pakonen, Antti and Biswas, Prasun and Papakonstantinou, Nikolaos},
	booktitle={IECON 2020 The 46th Annual Conference of the IEEE Industrial Electronics Society}, 
	title={Transformation of non-standard nuclear I\&C logic drawings to formal verification models}, 
	year={2020},
	volume={},
	number={},
	pages={697-704},
	doi={10.1109/IECON43393.2020.9255176}}
%MC TCTL
@article{alur1993model,
	title={Model-checking in dense real-time},
	author={Alur, Rajeev and Courcoubetis, Costas and Dill, David},
	journal={Information and computation},
	volume={104},
	number={1},
	pages={2--34},
	year={1993},
	publisher={Academic Press}
}

% CTL
@inproceedings{clarke1981design,
	title={Design and synthesis of synchronization skeletons using branching time temporal logic},
	author={Clarke, Edmund M and Emerson, E Allen},
	booktitle={Workshop on Logic of Programs},
	pages={52--71},
	year={1981},
	organization={Springer}
}

@article{rosell2009obtaining,
	title={Obtaining the three-dimensional structure of tree orchards from remote 2D terrestrial LIDAR scanning},
	author={Rosell, Joan R and Llorens, Jordi and Sanz, Ricardo and Arno, Jaume and Ribes-Dasi, Manel and Masip, Joan and Escol{\`a}, Alexandre and Camp, Ferran and Solanelles, Francesc and Gr{\`a}cia, Felip and others},
	journal={Agricultural and Forest Meteorology},
	volume={149},
	number={9},
	pages={1505--1515},
	year={2009},
	publisher={Elsevier}
}

%timed autoamat : to read 
@inproceedings{alur1990automata,
	title={Automata for modeling real-time systems},
	author={Alur, Rajeev and Dill, David},
	booktitle={International Colloquium on Automata, Languages, and Programming},
	pages={322--335},
	year={1990},
	organization={Springer}
}

%timed automata
@article{AlDi:1994,
	title = {A theory of timed automata},
	volume = {126},
	journal = {Theoretical Computer Science},
	author = {Alur, Rajeev and Dill, David L.},
	month = apr,
	year = {1994},
	pages = {183--235}
}

@article{emerson1986sometimes,
	title={“Sometimes” and “not never” revisited: on branching versus linear time temporal logic},
	author={Emerson, E Allen and Halpern, Joseph Y},
	journal={Journal of the ACM (JACM)},
	volume={33},
	number={1},
	pages={151--178},
	year={1986},
	publisher={ACM}
}

%comparaison Petri net et automata : to read carefully
@inproceedings{berard2005comparison,
	title={Comparison of the expressiveness of timed automata and time Petri nets},
	author={B{\'e}rard, B{\'e}atrice and Cassez, Franck and Haddad, Serge and Lime, Didier and Roux, Olivier H},
	booktitle={International Conference on Formal Modeling and Analysis of Timed Systems},
	pages={211--225},
	year={2005},
	organization={Springer}
}

%TPN to TA
@article{cassez2006structural,
	title={Structural translation from time Petri nets to timed automata},
	author={Cassez, Franck and Roux, Olivier H},
	journal={Journal of Systems and Software},
	volume={79},
	number={10},
	pages={1456--1468},
	year={2006},
	publisher={Elsevier}
}

@article{gil2007variable,
	title={Variable rate application of plant protection products in vineyard using ultrasonic sensors},
	author={Gil, E and Escola, A and Rosell, JR and Planas, S and Val, L},
	journal={Crop Protection},
	volume={26},
	number={8},
	pages={1287--1297},
	year={2007},
	publisher={Elsevier}
}
%LIDAR
@article{cheraiet2020algorithm,
	title={An algorithm to automate the filtering and classifying of 2D LiDAR data for site-specific estimations of canopy height and width in vineyards},
	author={Cheraiet, Anice and Naud, Olivier and Carra, Mathilde and Codis, S{\'e}bastien and Lebeau, Fr{\'e}d{\'e}ric and Taylor, James},
	journal={Biosystems Engineering},
	volume={200},
	pages={450--465},
	year={2020},
	publisher={Elsevier}
}

%orchard automatic control nzzle
@article{xiongkui2011precision,
	title={Precision orchard sprayer based on automatically infrared target detecting and electrostatic spraying techniques},
	author={Xiongkui, He and Aijun, Zeng and Yajia, Liu and Jianli, Song},
	journal={International Journal of Agricultural and biological engineering},
	volume={4},
	number={1},
	pages={35--40},
	year={2011}
}

@inproceedings{MCSifakis,
	title={Specification and verification of concurrent systems in CESAR},
	author={Queille, Jean-Pierre and Sifakis, Joseph},
	booktitle={International Symposium on programming},
	pages={337--351},
	year={1982},
	organization={Springer}
}

%****** BERK2016273
@article{BERK2016273,
	title = "Development of alternative plant protection product application techniques in orchards, based on measurement sensing systems: A review",
	journal = {"Computers and Electronics in Agriculture}",
	volume = {"124}",
	pages = {273--288"}273 - 288",
	year = {2016"}2016",
	issn = {0168-1699"}0168-1699",
	doi = {https://doi.org/10.1016/j.compag.2016.04.018"}https://doi.org/10.1016/j.compag.2016.04.018",
	author = {P. Berk and M. Hocevar and D. Stajnko and A. Belsak"}P. Berk and M. Hocevar and D. Stajnko and A. Belsak"
	
}
%TPN
@article{berthomieu1991modeling,
	title={Modeling and verification of time dependent systems using time Petri nets},
	author={Berthomieu, Bernard and Diaz, Michel},
	journal={IEEE transactions on software engineering},
	volume={17},
	number={3},
	pages={259--273},
	year={1991},
	publisher={IEEE Computer Society}
}

@inproceedings{bengtsson2003timed,
	title={Timed automata: Semantics, algorithms and tools},
	author={Bengtsson, Johan and Yi, Wang},
	booktitle={Advanced Course on Petri Nets},
	pages={87--124},
	year={2003},
	organization={Springer}
}

@article{saddem2017jai,
	title={Precision spraying: from map to sprayer control using model-checking},
	author={Saddem-Yagoubi, Rim and Naud, Olivier and Cazenave, Paul and Godary-Dejean, Karen and Crestani, Didier},
	journal = {Journal of Agricultural Informatics},
	volume = {8},
	number = {3},
	pages = {1--10},
	year={2017}}


@article{saddem2020model,
	title={Model-checking precision agriculture logistics: the case of the differential harvest},
	author={Saddem-Yagoubi, Rim and Naud, Olivier and Godary-Dejean, Karen and Crestani, Didier},
	journal={Discrete Event Dynamic Systems},
	volume={30},
	pages={579--604},
	year={2020},
	publisher={Springer}
}

@article{yagoubi2018new,
	title={New approach for differential harvest problem: the model checking way},
	author={Yagoubi, Rim Saddem and Naud, Olivier and Godary-Dejean, Karen Godary and Crestani, Didier},
	journal={IFAC-PapersOnLine},
	volume={51},
	number={7},
	pages={57--63},
	year={2018},
	publisher={Elsevier}
}
%limit MC 
%Symbolic MC
@article{burch1992symbolic,
	title={Symbolic model checking: $10^{20}$ states and beyond},
	author={Burch, Jerry R and Clarke, Edmund M and McMillan, Kenneth L and Dill, David L and Hwang, Lain-Jinn},
	journal={Information and computation},
	volume={98},
	number={2},
	pages={142--170},
	year={1992},
	publisher={Elsevier}
}
%ordre partiel
@book{godefroid1996partial,
	title={Partial-order methods for the verification of concurrent systems: an approach to the state-explosion problem},
	author={Godefroid, Patrice and Van Leeuwen, J and Hartmanis, J and Goos, G and Wolper, Pierre},
	volume={1032},
	year={1996},
	publisher={Springer Heidelberg}
}

@article{boucheneb2009covering,
	title={Covering steps graphs of time Petri nets},
	author={Boucheneb, Hanifa and Barkaoui, Kamel},
	journal={Electronic Notes in Theoretical Computer Science},
	volume={239},
	pages={155--165},
	year={2009},
	publisher={Elsevier}
}

%symetrie reduction
@inproceedings{hendriks2003adding,
	title={Adding symmetry reduction to uppaal},
	author={Hendriks, Martijn and Behrmann, Gerd and Larsen, Kim and Niebert, Peter and Vaandrager, Frits},
	booktitle={International Conference on Formal Modeling and Analysis of Timed Systems},
	pages={46--59},
	year={2003},
	organization={Springer}
}
@article{D2.3,
	title={Moving Block Verification and Validation, Deliverable
	D2.3 of PERFORMINGRAIL project.},
	author={Ghazel, M. and Beugin, J. and Saddem, R. and Marrone, S. and Janssen, B. and Flammini, F.and Seceleanu, C. and Sanwal, M.-U. and Benerecetti, M.and Libutti, S. and Napolitano, E. and Mogavero, F. and Nardone, R. and Peron, A. and Vittorini, V. and Aoun, J.},
	year={2022}
}
@article{revised2006ametist,
	title={Advanced Methods for Timed Systems, AMETIST DELIVERABLE 2.2. 2},
	author={Vaandrager, F.W.},
	year={2006},
	
	url = {\url{http://www.cs.ru.nl/F.Vaandrager/AMETIST/del2.2.2.pdf}} 
}
%UPPAAL application 
@article{dusseux2015paturmata,
	title={PaturMata, a model to manage grassland under climate change},
	author={Dusseux, Pauline and Zhao, Yulong and Cordier, Marie-Odile and Corpetti, Thomas and Delaby, Luc and Gascuel-Odoux, Chantal and Hubert-Moy, Laurence},
	journal={Agronomy for sustainable development},
	volume={35},
	number={3},
	pages={1087--1093},
	year={2015},
	publisher={Springer}
}
@article{largouet:2012,
	author = {Largou{\"e}t, Christine and Cordier, Marie-Odile and Bozec, Yves-Marie and Zhao, Yulong and Fontenelle, Guy},
	title = {Use of timed automata and model-checking to explore scenarios on ecosystem models},
	journal = {Environmental Modelling \& Software},
	volume = {30},
	pages = {123-138},
	year = {2012}
}
%XX
@inproceedings{priced2004,
	title={Priced timed automata: Algorithms and applications},
	author={Behrmann, Gerd and Larsen, Kim G and Rasmussen, Jacob I},
	booktitle={FMCO},
	volume={3657},
	pages={162--182},
	year={2004},
	organization={Springer}
}

@article{behrmann2005optimal,
	title={Optimal scheduling using priced timed automata},
	author={Behrmann, Gerd and Larsen, Kim G and Rasmussen, Jacob I},
	journal={ACM SIGMETRICS Performance Evaluation Review},
	volume={32},
	number={4},
	pages={34--40},
	year={2005},
	publisher={ACM}
}
% hall2003characterising
@article{hall2003characterising,
	title={Characterising and mapping vineyard canopy using high-spatial-resolution aerial multispectral images},
	author={Hall, Andrew and Louis, John and Lamb, David},
	journal={Computers \& Geosciences},
	volume={29},
	number={7},
	pages={813--822},
	year={2003},
	publisher={Elsevier}
}

@ARTICLE{Michaud200829,
	author={Michaud, M.-A. and Watts, K.C. and Percival, D.C. and Wilkie, K.I.},
	title={Precision pesticide delivery based on aerial spectral imaging},
	journal={Canadian Biosystems Engineering / Le Genie des biosystems au Canada},
	year={2008},
	volume={50},
	pages={29-215},
	document_type={Article},
	source={Scopus}
}

@article{wandkar2018,
	title={Real-time variable rate spraying in orchards and vineyards: A review},
	author={Wandkar, Sachin Vilas and Bhatt, Yogesh Chandra and Jain, HK and Nalawade, Sachin M and Pawar, Shashikant G},
	journal={Journal of The Institution of Engineers (India): Series A},
	volume={99},
	number={2},
	pages={385--390},
	year={2018},
	publisher={Springer}
}
@article{roudier2011TOI,
	title={A technical opportunity index adapted to zone-specific management},
	author={Roudier, Pierre and Tisseyre, Bruno and Poilv{\'e}, Herv{\'e} and Roger, Jean-Michel},
	journal={Precision Agriculture},
	volume={12},
	number={1},
	pages={130--145},
	year={2011},
	publisher={Springer}
}

@ARTICLE{Chan2004601,
	author={Chan, C.W. and Schueller, J.K. and Miller, W.M. and Whitney, J.D. and Cornell, J.A.},
	title={Error sources affecting variable rate application of nitrogen fertilizer},
	journal={Precision Agriculture},
	year={2004},
	volume={5},
	number={6},
	pages={601-616},
	doi={10.1007/s11119-004-6345-2},
	note={cited By 13},
	document_type={Article},
	source={Scopus}
}
@ARTICLE{berthomieu1991modelling,
	author  = {Berthomieu B., Diaz M.},
	title   = {Modeling and Verification of Time Dependent Systems Using Time Petri Nets},
	journal = {IEEE Transactions on Software Engineering}, 
	volume  = {17},
	year    = {1991},
	pages   = {259–273}
}

@InProceedings{MCS_2010,
	author={Legay A., et al.},
	title={Statistical Model Checking: An Overview},
	booktitle="Runtime Verification",
	year={2010},
	publisher={Springer Berlin Heidelberg},
	address={Berlin, Heidelberg},
	pages={122--135},
	isbn={978-3-642-16612-9}
}
@InProceedings{MCS_2013,
	author={Guldstrand Larsen, Kim},
	editor={Johnsen, Einar Broch and Petre, Luigia},
	title={Priced Timed Automata and Statistical Model Checking},
	booktitle={Integrated Formal Methods},
	year={2013},	
	publisher={Springer Berlin Heidelberg},
	address={Berlin, Heidelberg},
	pages={154--161}
}

@article{Model_2016,
	author = {Jones, J. W and al.},
	year = {2016},
	month = {06},
	pages = {240--254},
	title = {Brief history of agricultural systems modeling},
	volume = {155},
	journal = {Agricultural Systems},
	doi = {10.1016/j.agsy.2016.05.014}
}
